@book{modernapp,
    author = "S. Arora and B. Barak",
    title = "Computational Complexity: A Modern Approach",
    publisher = "Cambridge University Press",
    year = "2009"
}
